@article{fama1997,
  title={Industry costs of equity},
  author={Fama, Eugene F and French, Kenneth R},
  journal={Journal of financial economics},
  volume={43},
  number={2},
  pages={153--193},
  year={1997},
  publisher={Elsevier}
}


@article{grinold2000,
  title={Active portfolio management},
  author={Grinold, Richard C and Kahn, Ronald N},
  year={2000},
  publisher={McGraw Hill New York, NY}
}


  @Manual{Texevier,
    title = {{Texevier}: {P}ackage to create Elsevier templates for Rmarkdown},
    author = {N.F. Katzke},
    organization = {Bureau for Economic Research},
    address = {Stellenbosch, South Africa},
    note = {version 0.1.2},
    year = {2017},
  }




@article{axelrod1980,
  title={Effective choice in the prisoner's dilemma},
  author={Axelrod, Robert},
  journal={Journal of conflict resolution},
  volume={24},
  number={1},
  pages={3--25},
  year={1980},
  publisher={Sage Publications Sage CA: Los Angeles, CA}
}
@article{axelrod1987evolution,
  title={The evolution of strategies in the iterated prisoner’s dilemma},
  author={Axelrod, Robert and others},
  journal={The dynamics of norms},
  volume={1},
  pages={1--16},
  year={1987},
  publisher={Cambridge university press Cambridge, UK}
}

@article{axelrod2006appendix,
  title={Appendix AA guide for newcomers to agent-based modeling in the social sciences},
  author={Axelrod, Robert and Tesfatsion, Leigh},
  journal={Handbook of computational economics},
  volume={2},
  pages={1647--1659},
  year={2006},
  publisher={Elsevier}
}



@article{downing1975,
  title={The Prisoner's Dilemma game as a problem-solving phenomenon: An outcome maximization interpretation},
  author={Downing, Leslie L},
  journal={Simulation \& Games},
  volume={6},
  number={4},
  pages={366--391},
  year={1975},
  publisher={Sage Publications 275 SOUTH BEVERLY DRIVE• BEVERLY HILLS, CALIF. 90212}
}